<?xml version="1.0" encoding="UTF-8"?><collection xmlns="http://www.loc.gov/MARC21/slim"><record><leader>00379nam--2200133-i-4500</leader><controlfield tag="001">000044023</controlfield><controlfield tag="002">20161230</controlfield><controlfield tag="005">20161230201044</controlfield><controlfield tag="008">060222s1000------------r-----000-0-eng-d</controlfield><datafield ind1=" " ind2=" " tag="080"><subfield code="a">621.791.3(085.2):620.1(085.2)</subfield></datafield><datafield ind1=" " ind2=" " tag="100"><subfield code="a">Tenchea, Petru</subfield></datafield><datafield ind1=" " ind2=" " tag="245"><subfield code="a">Atlas de incercari mecanice ale imbinarilor sudate. sid. 18</subfield></datafield><datafield ind1=" " ind2=" " tag="260"><subfield code="a">Bucuresti, M.I.C.M.O.I.D., 1980, 366p</subfield></datafield><datafield ind1=" " ind2=" " tag="852"><subfield code="a">D.2130</subfield></datafield></record></collection>